<?xml version="1.0" encoding="utf-8"?>
<record xmlns="http://www.loc.gov/MARC21/slim" xmlns:xsi="http://www.w3.org/2001/XMLSchema-instance" xsi:schemaLocation="http://www.loc.gov/MARC21/slim http://www.loc.gov/standards/marcxml/schema/MARC21slim.xsd">
	<leader>     nam a22     Mi 4500</leader>
	<controlfield tag="001">1861074</controlfield>
	<controlfield tag="003">NNC</controlfield>
	<controlfield tag="006">m        d        </controlfield>
	<controlfield tag="007">cr cn |||m|||a</controlfield>
	<controlfield tag="008">190517r19261962iq fh   o     000 0 arard</controlfield>
	<datafield ind1=" " ind2=" " tag="040">
		<subfield code="a">ZYU</subfield>
		<subfield code="b">ara</subfield>
		<subfield code="e">rda</subfield>
		<subfield code="c">ZYU</subfield>
	</datafield>
	<datafield ind1="0" ind2=" " tag="041">
		<subfield code="a">ger</subfield>
		<subfield code="a">ara</subfield>
	</datafield>
	<datafield ind1=" " ind2="4" tag="050">
		<subfield code="a">G93</subfield>
		<subfield code="b">.K48</subfield>
	</datafield>
	<datafield ind1="1" ind2=" " tag="100">
		<subfield code="6">880-01</subfield>
		<subfield code="a">Khuwārizmī, Muḥammad ibn Mūsá,</subfield>
		<subfield code="d">active 813-846.</subfield>
	</datafield>
	<datafield ind1="1" ind2="0" tag="240">
		<subfield code="a">Ṣūrat al-arḍ.</subfield>
		<subfield code="f">1970</subfield>
	</datafield>
	<datafield ind1="1" ind2="0" tag="245">
		<subfield code="a">Kitāb ṣūrat al-arḍ min al-mudun wa-jibāl wa-al-biḥar wa-al-jazāʼir wa-al-anhār istakhrajahu Abū Jaʻfar Muḥammad ibn Mūsá al-Khuwārizmī min kitāb jughrāfiyā alladhī allafahu bi-Ṭulumiyūs al-Qulūdhī /</subfield>
		<subfield code="c">wa-qad iʻtaná bi-naskhihi wa-taṣḥīḥihi Hāns fūn Mzhīk.</subfield>
	</datafield>
	<datafield ind1=" " ind2=" " tag="260">
		<subfield code="6">880-02</subfield>
		<subfield code="a">Baghdād :</subfield>
		<subfield code="b">[publisher not identified],</subfield>
		<subfield code="c">1962.</subfield>
	</datafield>
	<datafield ind1=" " ind2=" " tag="300">
		<subfield code="a">online resource (163, xxxi pages, 5 unnumbered leaves of plates (some folded)) :</subfield>
		<subfield code="b">facsimiles</subfield>
	</datafield>
	<datafield ind1=" " ind2=" " tag="336">
		<subfield code="a">text</subfield>
		<subfield code="2">rdacontent</subfield>
	</datafield>
	<datafield ind1=" " ind2=" " tag="337">
		<subfield code="a">computer</subfield>
		<subfield code="2">rdamedia</subfield>
	</datafield>
	<datafield ind1=" " ind2=" " tag="338">
		<subfield code="a">online resource</subfield>
		<subfield code="2">rdacarrier</subfield>
	</datafield>
	<datafield ind1=" " ind2=" " tag="500">
		<subfield code="a">Title on added t.p.: Das Kitāb ṣūrat al-arḍ des Abū Ǧaʻfar Muḥammad ibn Mūsá al-Ḫuwārizmī.</subfield>
	</datafield>
	<datafield ind1=" " ind2=" " tag="500">
		<subfield code="a">Facsim. reprint. Originally published: Leipzig: Harrassowitz, 1926. (Bibliothek Arabischer Historiker und Geographen ; 3 Bd.).</subfield>
	</datafield>
	<datafield ind1=" " ind2=" " tag="500">
		<subfield code="a">Part of the Arabic Collections Online (ACO) project, contributed by Columbia University Libraries.</subfield>
	</datafield>
	<datafield ind1=" " ind2=" " tag="533">
		<subfield code="a">Electronic reproduction.</subfield>
		<subfield code="b">New York, N.Y. :</subfield>
		<subfield code="c">New York University,</subfield>
		<subfield code="d">2019.</subfield>
		<subfield code="5">NNU</subfield>
	</datafield>
	<datafield ind1=" " ind2="0" tag="650">
		<subfield code="a">Geography, Medieval.</subfield>
	</datafield>
	<datafield ind1=" " ind2="7" tag="650">
		<subfield code="a">Geography, Medieval.</subfield>
		<subfield code="2">fast</subfield>
		<subfield code="0">(OCoLC)fst00940573</subfield>
	</datafield>
	<datafield ind1="1" ind2=" " tag="700">
		<subfield code="a">Mžik, Hans von,</subfield>
		<subfield code="d">1876-1961.</subfield>
	</datafield>
	<datafield ind1="2" ind2=" " tag="710">
		<subfield code="a">Columbia University.</subfield>
		<subfield code="b">Libraries.</subfield>
	</datafield>
	<datafield ind1="0" ind2=" " tag="730">
		<subfield code="a">Arabic Collections Online.</subfield>
	</datafield>
	<datafield ind1="0" ind2="8" tag="776">
		<subfield code="i">Print version:</subfield>
		<subfield code="a">Khuwārizmī, Muḥammad ibn Mūsá, active 813-846.</subfield>
		<subfield code="t">Kitāb ṣūrat al-arḍ min al-mudun wa-jibāl wa-al-biḥar wa-al-jazāʼir wa-al-anhār istakhrajahu Abū Jaʻfar Muḥammad ibn Mūsá al-Khuwārizmī min kitāb jughrāfiyā alladhī allafahu bi-Ṭulumiyūs al-Qulūdhī</subfield>
		<subfield code="w">(NNC)1861074</subfield>
		<subfield code="w">(OCoLC)36264423</subfield>
	</datafield>
	<datafield ind1=" " ind2="0" tag="830">
		<subfield code="a">Bibliothek arabischer Historiker und Geographen ;</subfield>
		<subfield code="v">3. Bd.</subfield>
	</datafield>
	<datafield ind1="4" ind2="0" tag="856">
		<subfield code="u">http://hdl.handle.net/2333.1/w6m90f98</subfield>
	</datafield>
	<datafield ind1="1" ind2=" " tag="880">
		<subfield code="6">100-01</subfield>
		<subfield code="a">خوارزمي، محمد بن موسى.</subfield>
	</datafield>
	<datafield ind1=" " ind2=" " tag="880">
		<subfield code="6">260-02</subfield>
		<subfield code="a">بغداد :</subfield>
		<subfield code="b">د.ن.،</subfield>
		<subfield code="c">1962.</subfield>
	</datafield>
	<datafield ind1=" " ind2=" " tag="959">
		<subfield code="a">NNU</subfield>
		<subfield code="b">WEB</subfield>
		<subfield code="c">GENI</subfield>
		<subfield code="t">0</subfield>
		<subfield code="m">Electronic access</subfield>
		<subfield code="s">01</subfield>
	</datafield>
	<datafield ind1=" " ind2=" " tag="999">
		<subfield code="i">NNC_1861074</subfield>
		<subfield code="o">(OCoLC)ocm36264423 </subfield>
		<subfield code="s">columbia_aco004109</subfield>
		<subfield code="e">(ERROR-880)</subfield>
	</datafield>
</record>
